<?xml version="1.0" encoding="UTF-8"?><collection xmlns="http://www.loc.gov/MARC21/slim"><record><leader>00493nam--2200133-i-4500</leader><controlfield tag="001">000046520</controlfield><controlfield tag="002">20161230</controlfield><controlfield tag="005">20161230201046</controlfield><controlfield tag="008">060222s1000------------r-----000-0-eng-d</controlfield><datafield ind1=" " ind2=" " tag="080"><subfield code="a">530.145(043)</subfield></datafield><datafield ind1=" " ind2=" " tag="100"><subfield code="a">Uzelac, Katarina</subfield></datafield><datafield ind1=" " ind2=" " tag="245"><subfield code="a">Etude des phenomenes critiques dans les systemes quantiques par le group de renormalisation dans l`espace reel: singularite de yang et lee. transitions de phase dans quelques systemes inhomogenes. these</subfield></datafield><datafield ind1=" " ind2=" " tag="260"><subfield code="a">Paris, Univ., 1980, 137p</subfield></datafield><datafield ind1=" " ind2=" " tag="852"><subfield code="a">49715</subfield></datafield></record></collection>